<record><leader>00000cas a22000007a 4500</leader><controlfield tag="001">8804800</controlfield><controlfield tag="008">820924d18561865inuwr ne      0   a0eng  </controlfield><datafield ind1=" " ind2=" " tag="010"><subfield code="a">sn 82015007 </subfield></datafield><datafield ind1=" " ind2=" " tag="040"><subfield code="a">DLC</subfield><subfield code="b">eng</subfield><subfield code="c">DLC</subfield><subfield code="d">NPX</subfield><subfield code="d">DLC</subfield><subfield code="d">NPI</subfield><subfield code="d">DLC</subfield><subfield code="d">NPI</subfield><subfield code="d">OCLCQ</subfield><subfield code="d">HUL</subfield><subfield code="d">DLC</subfield></datafield><datafield ind1="0" ind2=" " tag="022"><subfield code="a">2574-9234</subfield><subfield code="2">1</subfield></datafield><datafield ind1=" " ind2=" " tag="042"><subfield code="a">msc</subfield><subfield code="a">nsdp</subfield></datafield><datafield ind1="0" ind2="0" tag="050"><subfield code="a">Newspaper 7701-X</subfield></datafield><datafield ind1="1" ind2="0" tag="082"><subfield code="a">071.3</subfield><subfield code="2">23</subfield></datafield><datafield ind1=" " ind2="0" tag="222"><subfield code="a">Broad axe of freedom</subfield></datafield><datafield ind1="0" ind2="0" tag="245"><subfield code="a">Broad axe of freedom.</subfield></datafield><datafield ind1="1" ind2="3" tag="246"><subfield code="a">Broad axe</subfield></datafield><datafield ind1=" " ind2=" " tag="260"><subfield code="a">Richmond, Ind. :</subfield><subfield code="b">S.R. Jamison &amp; Co.</subfield></datafield><datafield ind1=" " ind2=" " tag="300"><subfield code="a">v. :</subfield><subfield code="b">ill. (chiefly advertisements) ;</subfield><subfield code="c">51-71 cm.</subfield></datafield><datafield ind1=" " ind2=" " tag="310"><subfield code="a">Weekly</subfield></datafield><datafield ind1="1" ind2=" " tag="362"><subfield code="a">Began in 1856; ceased in Jan. 1865.</subfield></datafield><datafield ind1=" " ind2=" " tag="500"><subfield code="a">Publishers: S.R. Jamison &amp; Co., 1856-1857; Johnson &amp; Morgan, 1857; A.W. Mendenhall, 1857-&lt;1860&gt;; Drake &amp; Johnson, &lt;1860&gt;; Drake &amp; Livingston, 1860-1861; Livingston &amp; Hammond, 1861; Hammond &amp; Hollingsworth, &lt;1861&gt;; F.S. Remington, &lt;1864&gt;-1865.</subfield></datafield><datafield ind1=" " ind2=" " tag="500"><subfield code="a">Published in a daily ed.: Sept. 27, 1858-&lt;1860&gt;.</subfield></datafield><datafield ind1=" " ind2=" " tag="500"><subfield code="a">"Republican."</subfield></datafield><datafield ind1=" " ind2=" " tag="500"><subfield code="a">Editors: M. Hollingsworth, F.S. Remington.</subfield></datafield><datafield ind1=" " ind2=" " tag="588"><subfield code="a">Description based on: Vol. 5, no. 8 (Jan. 12, 1857).</subfield></datafield><datafield ind1=" " ind2=" " tag="752"><subfield code="a">United States</subfield><subfield code="b">Indiana</subfield><subfield code="c">Wayne</subfield><subfield code="d">Richmond.</subfield></datafield><datafield ind1="0" ind2="0" tag="780"><subfield code="t">Broad-axe of freedom and grubbing hoe of truth</subfield><subfield code="x">2574-9242</subfield><subfield code="w">(DLC)sn 86058210</subfield><subfield code="w">(OCoLC)13039788</subfield></datafield><datafield ind1="0" ind2="4" tag="785"><subfield code="t">Indiana true Republican</subfield><subfield code="x">2572-2530</subfield><subfield code="w">(DLC)sn 83025610</subfield><subfield code="w">(OCoLC)9653055</subfield></datafield><datafield ind1="1" ind2=" " tag="029"><subfield code="a">AU@</subfield><subfield code="b">000025825735</subfield></datafield></record>